@BOOK{SJJGYWM,
	title={数据结构},
	author={严蔚敏 and 吴伟民},
	publisher={清华大学出版社},
	year={2019}
}

@BOOK{SJJGTJ,
	title={数据结构},
	author={严蔚敏 and 吴伟民},
	publisher={清华大学出版社},
	year={2019}
}
